<collection xmlns="http://www.loc.gov/MARC21/slim">
<record>
  <leader>00978nam0a22002051i 450 </leader>
  <controlfield tag="001">IT\ICCU\CNCE\077662</controlfield>
  <controlfield tag="005">20121008000000.0</controlfield>
  <datafield tag="100" ind1=" " ind2=" ">
    <subfield code="a">20121008d1508        0itac0103    ba</subfield>
  </datafield>
  <datafield tag="101" ind1=" " ind2=" ">
    <subfield code="a">LAT</subfield>
  </datafield>
  <datafield tag="102" ind1=" " ind2=" ">
    <subfield code="a">IT</subfield>
  </datafield>
  <datafield tag="200" ind1="1" ind2=" ">
    <subfield code="a">Causa Vitaliana de precedentia heremitarum et minorum per clarissimum theologum Niholam Barianum de Placentia ordinis ipsorum heremitarum diui Augustini obseruantie. Decisa</subfield>
  </datafield>
  <datafield tag="210" ind1=" " ind2=" ">
    <subfield code="a">Impressum Cremone</subfield>
    <subfield code="c">per magistrum Carolum Derlerium</subfield>
    <subfield code="d">1508 Idus Aprilis</subfield>
  </datafield>
  <datafield tag="215" ind1=" " ind2=" ">
    <subfield code="a">\26! c.</subfield>
    <subfield code="d">4ʻ</subfield>
  </datafield>
  <datafield tag="300" ind1=" " ind2=" ">
    <subfield code="a">ANNULLATA: millesimo quingentesimo octauo idus aprilis. (1500 6 aprile)cfr. ISTC, ib00123000</subfield>
  </datafield>
  <datafield tag="700" ind1=" " ind2="1">
    <subfield code="a">Bariani,</subfield>
    <subfield code="b"></subfield>
    <subfield code="3">IT\ICCU\CNCA\001388</subfield>
  </datafield>
  <datafield tag="712" ind1="0" ind2="0">
    <subfield code="a">De_Richis, Pietro Maria</subfield>
    <subfield code="3">IT\ICCU\CNCT\003306</subfield>
    <subfield code="4">650</subfield>
  </datafield>
  <datafield tag="791" ind1="0" ind2="0">
    <subfield code="a">Richis, Pietro Maria de</subfield>
    <subfield code="3">IT\ICCU\CNCT\003307</subfield>
    <subfield code="z">De_Richis, Pietro Maria</subfield>
  </datafield>
  <datafield tag="791" ind1="0" ind2="0">
    <subfield code="a">Richis, Petrus Maria de</subfield>
    <subfield code="3">IT\ICCU\CNCT\004613</subfield>
    <subfield code="z">De_Richis, Pietro Maria</subfield>
  </datafield>
  <datafield tag="801" ind1=" " ind2="3">
    <subfield code="a">IT</subfield>
    <subfield code="b">ICCU</subfield>
    <subfield code="c">20201115</subfield>
  </datafield>
  <datafield tag="899" ind1=" " ind2=" ">
    <subfield code="a">Biblioteca Palatina. Parma</subfield>
    <subfield code="1">PR0072</subfield>
    <subfield code="2">PAR PA</subfield>
  </datafield>
</record>
</collection>
